@inproceedings{sahai2005fuzzy,
  title={Fuzzy identity-based encryption},
  author={Sahai, Amit and Waters, Brent},
  booktitle={Annual International Conference on the Theory and Applications of Cryptographic Techniques},
  pages={457--473},
  year={2005},
  organization={Springer}
}

@inproceedings{goyal2006attribute,
  title={Attribute-based encryption for fine-grained access control of encrypted data},
  author={Goyal, Vipul and Pandey, Omkant and Sahai, Amit and Waters, Brent},
  booktitle={Proceedings of the 13th ACM conference on Computer and communications security},
  pages={89--98},
  year={2006},
  organization={Acm}
}

@inproceedings{brucker2010attribute,
  title={Attribute-based encryption with break-glass},
  author={Brucker, Achim D and Petritsch, Helmut and Weber, Stefan G},
  booktitle={IFIP International Workshop on Information Security Theory and Practices},
  pages={237--244},
  year={2010},
  organization={Springer}
}

@inproceedings{bethencourt2007ciphertext,
  title={Ciphertext-policy attribute-based encryption},
  author={Bethencourt, John and Sahai, Amit and Waters, Brent},
  booktitle={Security and Privacy, 2007. SP'07. IEEE Symposium on},
  pages={321--334},
  year={2007},
  organization={IEEE}
}

@article{yu2015name,
  title={Name-based access control},
  author={Yu, Yingdi and Afanasyev, Alexander and Zhang, Lixia},
  journal={Relat{\'o}rio T{\'e}cnico TR NDN-0034, University of California, Los Angeles, Los Angeles},
  year={2015}
}

@article{zhang2014named,
  title={Named data networking},
  author={Zhang, Lixia and Afanasyev, Alexander and Burke, Jeffrey and Jacobson, Van and Crowley, Patrick and Papadopoulos, Christos and Wang, Lan and Zhang, Beichuan and others},
  journal={ACM SIGCOMM Computer Communication Review},
  volume={44},
  number={3},
  pages={66--73},
  year={2014},
  publisher={ACM}
}

@inproceedings{biham1997advanced,
	title={Advanced Encryption Standard},
	author={Biham, Eli},
	booktitle={International Workshop on Fast Software Encryption},
	pages={83--87},
	year={1997},
	organization={Springer}
}

@inproceedings{bellare1994security,
	title={The security of cipher block chaining},
	author={Bellare, Mihir and Kilian, Joe and Rogaway, Phillip},
	booktitle={Annual International Cryptology Conference},
	pages={341--358},
	year={1994},
	organization={Springer}
}

@inproceedings{afanasyev2016content,
	title={Content-based security for the web},
	author={Afanasyev, Alexander and Halderman, J Alex and Ruoti, Scott and Seamons, Kent and Yu, Yingdi and Zappala, Daniel and Zhang, Lixia},
	booktitle={Proceedings of the 2016 New Security Paradigms Workshop},
	pages={49--60},
	year={2016},
	organization={ACM}
}

@inproceedings{zhu2013let,
	title={Let's chronosync: Decentralized dataset state synchronization in named data networking},
	author={Zhu, Zhenkai and Afanasyev, Alexander},
	booktitle={Network Protocols (ICNP), 2013 21st IEEE International Conference on},
	pages={1--10},
	year={2013},
	organization={IEEE}
}